@article{parma,
  author = {Smith, C.W. and Rasquin, M. and Ibanez, D. and Jansen, K.E. and Shephard,
M.S.},
  title = {Application Specific Mesh Partition Improvement},
  journal = {SIAM Journal on Scientific Computing},
  year = {2015},
}
@article{williamsRIB,
  author = {Williams, Roy D.},
  title = {Performance of Dynamic Load Balancing Algorithms for Unstructured Mesh Calculations},
  journal = {Concurrency: Pract. Exper.},
  issue_date = {Oct. 1991},
  volume = {3},
  number = {5},
  month = oct,
  year = {1991},
  issn = {1040-3108},
  pages = {457--481},
  numpages = {25},
  url = {http://dx.doi.org/10.1002/cpe.4330030502},
  doi = {10.1002/cpe.4330030502},
  acmid = {124739},
  publisher = {John Wiley and Sons Ltd.},
  address = {Chichester, UK},
}

@article{zhou2012,
author={Zhou, Min and Sahni, Onkar and Xie, Ting and Shephard, MarkS. and Jansen, KennethE.},
title={Unstructured mesh partition improvement for implicit finite element at extreme scale},
year={2012},
issn={0920-8542},
journal={The Journal of Supercomputing},
volume={59},
number={3},
doi={10.1007/s11227-010-0521-0},
url={http://dx.doi.org/10.1007/s11227-010-0521-0},
publisher={Springer US},
keywords={Partition improvement; Extreme scale; Unstructured mesh; Finite element},
pages={1218-1228},
language={English},
}


@article{taylorRIB,
  author = {Valerie Taylor and Bahram Nour-omid},
  title = {A Study of the Factorization Fill-In for a Parallel Implementation of the Finite Element Method},
  journal = {Int. J. Numer. Meth. Engng},
  year = {1994},
  volume = {37},
  pages = {3809--3823}
}

@INPROCEEDINGS{multidiffuse,
author={Meyerhenke, H. and Monien, B. and Sauerwald, T.},
booktitle={Parallel and Distributed Processing, 2008. IPDPS 2008. IEEE International Symposium on},
title={A new diffusion-based multilevel algorithm for computing graph partitions of very high quality},
year={2008},
month={April},
pages={1-13},
keywords={computational complexity;graph theory;BUBBLE-FOS/C;Kernighan-Lin heuristic;diffusion-based multilevel algorithm;graph partitioning;graph vertex set;Acceleration;Application software;Computer science;Libraries;Load management;Numerical simulation;Parallel algorithms;Parallel processing;Partitioning algorithms;Shape;Graph partitioning;load balancing heuristic},
doi={10.1109/IPDPS.2008.4536237},
ISSN={1530-2075},}

@INPROCEEDINGS{diffuseshape,
    author = {Ralf Diekmann and Robert Preis and Frank Schlimbach and Chris Walshaw},
    title = {Shape-Optimized Mesh Partitioning and Load Balancing for Parallel Adaptive FEM },
    year = {2000}
}

@ARTICLE{loadbalance,
author={Willebeek-LeMair, M.H. and Reeves, A.P.},
journal={Parallel and Distributed Systems, IEEE Transactions on},
title={Strategies for dynamic load balancing on highly parallel computers},
year={1993},
month={Sep},
volume={4},
number={9},
pages={979-993},
keywords={parallel processing;performance evaluation;resource allocation;synchronisation;Inter iPSC/2 hypercube;dynamic load balancing;highly parallel computers;load balancing communication overhead;multicomputer systems;Application software;Concurrent computing;Costs;Distributed control;Hypercubes;Load management;Load modeling;Local area networks;Multiprocessing systems;Scholarships},
doi={10.1109/71.243526},
ISSN={1045-9219},}

@article{zhougraph,
author = {Min Zhou and Onkar Sahni and Karen D. Devine and Mark S. Shephard and Kenneth E. Jansen},
title = {Controlling Unstructured Mesh Partitions for Massively Parallel Simulations},
journal = {SIAM Journal on Scientific Computing},
volume = {32},
number = {6},
pages = {3201-3227},
year = {2010},
doi = {10.1137/090777323},
URL = {http://dx.doi.org/10.1137/090777323},
eprint = {http://dx.doi.org/10.1137/090777323}
}

@article{surveygraph,
  author    = {Aydin Bulu{\c{c}} and
               Henning Meyerhenke and
               Ilya Safro and
               Peter Sanders and
               Christian Schulz},
  title     = {Recent Advances in Graph Partitioning},
  journal   = {CoRR},
  volume    = {abs/1311.3144},
  year      = {2013},
  url       = {http://arxiv.org/abs/1311.3144},
  timestamp = {Fri, 29 Jun 4449162 02:06:24 +tioning},
  biburl    = {http://dblp.uni-trier.de/rec/bib/journals/corr/BulucMSSS13},
  bibsource = {dblp computer science bibliography, http://dblp.org}
}

@inproceedings{hypergraph,
 author = {Devine, Karen D. and Boman, Erik G. and Heaphy, Robert T. and Bisseling, Rob H. and Catalyurek, Umit V.},
 title = {Parallel Hypergraph Partitioning for Scientific Computing},
 booktitle = {Proceedings of the 20th International Conference on Parallel and Distributed Processing},
 series = {IPDPS'06},
 year = {2006},
 isbn = {1-4244-0054-6},
 location = {Rhodes Island, Greece},
 pages = {124--124},
 numpages = {1},
 url = {http://dl.acm.org/citation.cfm?id=1898953.1899056},
 acmid = {1899056},
 publisher = {IEEE Computer Society},
 address = {Washington, DC, USA},
} 

@inproceedings{luby,
 author = {Luby, M},
 title = {A Simple Parallel Algorithm for the Maximal Independent Set Problem},
 booktitle = {Proceedings of the Seventeenth Annual ACM Symposium on Theory of Computing},
 series = {STOC '85},
 year = {1985},
 isbn = {0-89791-151-2},
 location = {Providence, Rhode Island, USA},
 pages = {1--10},
 numpages = {10},
 url = {http://doi.acm.org/10.1145/22145.22146},
 doi = {10.1145/22145.22146},
 acmid = {22146},
 publisher = {ACM},
 address = {New York, NY, USA},
} 


