@article{JuRingler2011,
  Author = {Ju, L. and Ringler, T. and Gunzburger, M.},
  ISSN = {14397358},
  Journal = {LECTURE NOTES IN COMPUTATIONAL SCIENCE AND ENGINEERING},
  Pages = {313 - 344},
  Title = {Voronoi Tessellations and Their Application to Climate and Global Modeling.},
  Volume = {80},
  URL = {http://libproxy.rpi.edu/login?url=http://search.ebscohost.com/login.aspx?direct=true&db=edsbl&AN=RN292460579&site=eds-live&scope=site},
  Year = {2011},
}

@article{ringler2008,
  Author = {Ringler, T. and Ju, L. and Gunzburger, M.},
  ISSN = {16167341},
  Journal = {OCEAN DYNAMICS},
  Number = {5-6},
  Pages = {475 - 498},
  Title = {A multiresolution method for climate system modeling: application of spherical centroidal Voronoi tessellations.},
  Volume = {58},
  URL = {http://libproxy.rpi.edu/login?url=http://search.ebscohost.com/login.aspx?direct=true&db=edsbl&AN=RN242030811&site=eds-live&scope=site},
  Year = {2008},
}
       
@manual{climateMesh,
  author = "Climate, Ocean, Sea-Ice Modeling Team. Los Alamos National Laboratory",
  title = "MPAS-Ocean Model User's Guide.  Version 2.0", 
  note = {\url{http://oceans11.lanl.gov/mpas_data/mpas_ocean/users_guide/release_2.0/mpas_ocean_users_guide_2.0.pdf}},
  year = {2014}
}
