@incollection{gropp2006issues,
  title={Issues in developing a thread-safe mpi implementation},
  author={Gropp, William and Thakur, Rajeev},
  booktitle={Recent Advances in Parallel Virtual Machine and Message Passing Interface},
  pages={12--21},
  year={2006},
  publisher={Springer}
}

@article{thakur2007test,
  title={Test suite for evaluating performance of MPI implementations that support MPI\_THREAD\_MULTIPLE},
  author={Thakur, Rajeev and Gropp, William},
  journal={Recent Advances in Parallel Virtual Machine and Message Passing Interface},
  pages={46--55},
  year={2007},
  publisher={Springer Berlin Heidelberg}
}

@article{walker1996mpi,
  title={MPI: a standard message passing interface},
  author={Walker, David W and Dongarra, Jack J},
  journal={Supercomputer},
  volume={12},
  pages={56--68},
  year={1996},
  publisher={ASFRA BV}
}

@incollection{thakur2003improving,
  title={Improving the performance of collective operations in MPICH},
  author={Thakur, Rajeev and Gropp, William D},
  booktitle={Recent Advances in Parallel Virtual Machine and Message Passing Interface},
  pages={257--267},
  year={2003},
  publisher={Springer}
}

@inproceedings{hoefler2007implementation,
  title={Implementation and performance analysis of non-blocking collective operations for MPI},
  author={Hoefler, Torsten and Lumsdaine, Andrew and Rehm, Wolfgang},
  booktitle={Supercomputing, 2007. SC'07. Proceedings of the 2007 ACM/IEEE Conference on},
  pages={1--10},
  year={2007},
  organization={IEEE}
}

@article{hoefler2006non,
  title={Non-Blocking Collective Operations for MPI-3},
  author={Hoefler, Torsten and Squyres, J and Bosilca, George and Fagg, Graham and Lumsdaine, Andrew and Rehm, Wolfgang},
  journal={Open Systems Lab, Indiana University, Tech. Rep},
  volume={8},
  year={2006}
}

@article{Ovcharenko2012140,
title = "Neighborhood communication paradigm to increase scalability in large-scale dynamic scientific applications ",
journal = "Parallel Computing ",
volume = "38",
number = "3",
pages = "140 - 156",
year = "2012",
note = "",
issn = "0167-8191",
doi = "http://dx.doi.org/10.1016/j.parco.2011.10.013",
author = "Aleksandr Ovcharenko and Daniel Ibanez and Fabien Delalondre and Onkar Sahni and Kenneth E. Jansen and Christopher D. Carothers and Mark S. Shephard",
}

@article{shephard2010flexible,
  title={Flexible distributed mesh data structure for parallel adaptive analysis},
  author={Shephard, Mark S and Seol, Seegyoung},
  journal={Advanced Computational Infrastructures for Parallel and Distributed Adaptive Applications},
  pages={407},
  year={2010}
}

@article{zhou2012unstructured,
  title={Unstructured mesh partition improvement for implicit finite element at extreme scale},
  author={Zhou, Min and Sahni, Onkar and Xie, Ting and Shephard, Mark S and Jansen, Kenneth E},
  journal={The Journal of Supercomputing},
  volume={59},
  number={3},
  pages={1218--1228},
  year={2012},
  publisher={Springer}
}

@article{devine2002zoltan,
  title={Zoltan data management services for parallel dynamic applications},
  author={Devine, Karen and Boman, Erik and Heaphy, Robert and Hendrickson, Bruce and Vaughan, Courtenay},
  journal={Computing in Science \& Engineering},
  volume={4},
  number={2},
  pages={90--96},
  year={2002},
  publisher={IEEE}
}

@article{karypis2011metis,
  title={METIS and ParMETIS},
  author={Karypis, George},
  journal={Encyclopedia of Parallel Computing},
  pages={1117--1124},
  year={2011},
  publisher={Springer}
}

@article{dagum1998openmp,
  title={OpenMP: an industry standard API for shared-memory programming},
  author={Dagum, Leonardo and Menon, Ramesh},
  journal={Computational Science \& Engineering, IEEE},
  volume={5},
  number={1},
  pages={46--55},
  year={1998},
  publisher={IEEE}
}

@article{cramer2012openmp,
  title={OpenMP Programming on Intel R Xeon Phi TM Coprocessors: An Early Performance Comparison},
  author={Cramer, Tim and Schmidl, Dirk and Klemm, Michael and an Mey, Dieter},
  year={2012}
}

@article{Dokulil20132508,
title = "High-level Support for Hybrid Parallel Execution of C++ Applications Targeting Intel® Xeon Phi™ Coprocessors ",
journal = "Procedia Computer Science ",
volume = "18",
number = "0",
pages = "2508 - 2511",
year = "2013",
note = "2013 International Conference on Computational Science ",
issn = "1877-0509",
doi = "http://dx.doi.org/10.1016/j.procs.2013.05.430",
author = "Jiri Dokulil and Enes Bajrovic and Siegfried Benkner and Sabri Pllana and Martin Sandrieser and Beverly Bachmayer",
}

@article{mavriplis2002parallel,
  title={Parallel performance investigations of an unstructured mesh Navier-Stokes solver},
  author={Mavriplis, Dimitri J},
  journal={International Journal of High Performance Computing Applications},
  volume={16},
  number={4},
  pages={395--407},
  year={2002},
  publisher={SAGE Publications}
}

@inproceedings{kumar2013acceleration,
  title={Acceleration of an Asynchronous Message Driven Programming Paradigm on IBM Blue Gene/Q},
  author={Kumar, Sameer and Sun, Yanhua and Kale, Laximant V},
  booktitle={Parallel \& Distributed Processing (IPDPS), 2013 IEEE 27th International Symposium on},
  pages={689--699},
  year={2013},
  organization={IEEE}
}

@inproceedings{komatitsch200314,
  title={A 14.6 billion degrees of freedom, 5 teraflops, 2.5 terabyte earthquake simulation on the Earth Simulator},
  author={Komatitsch, Dimitri and Tsuboi, Seiji and Ji, Chen and Tromp, Jeroen},
  booktitle={Proceedings of the 2003 ACM/IEEE conference on Supercomputing},
  pages={4},
  year={2003},
  organization={ACM}
}

@article{stowell2008investigation,
  title={Investigation of radar propagation in buildings: A 10-billion element cartesian-mesh FETD simulation},
  author={Stowell, Mark L and Fasenfest, Benjamin J and White, Daniel A},
  journal={Antennas and Propagation, IEEE Transactions on},
  volume={56},
  number={8},
  pages={2241--2250},
  year={2008},
  publisher={IEEE}
}

@inproceedings{burstedde2008scalable,
  title={Scalable adaptive mantle convection simulation on petascale supercomputers},
  author={Burstedde, Carsten and Ghattas, Omar and Gurnis, Michael and Stadler, Georg and Tan, Eh and Tu, Tiankai and Wilcox, Lucas C and Zhong, Shijie},
  booktitle={Proceedings of the 2008 ACM/IEEE conference on Supercomputing},
  pages={62},
  year={2008},
  organization={IEEE Press}
}

@incollection{balaji2008toward,
  title={Toward efficient support for multithreaded MPI communication},
  author={Balaji, Pavan and Buntinas, Darius and Goodell, David and Gropp, William and Thakur, Rajeev},
  booktitle={Recent Advances in Parallel Virtual Machine and Message Passing Interface},
  pages={120--129},
  year={2008},
  publisher={Springer}
}

@article{pjevsivac2007performance,
  title={Performance analysis of MPI collective operations},
  author={Pje{\v{s}}ivac-Grbovi{\'c}, Jelena and Angskun, Thara and Bosilca, George and Fagg, Graham E and Gabriel, Edgar and Dongarra, Jack J},
  journal={Cluster Computing},
  volume={10},
  number={2},
  pages={127--143},
  year={2007},
  publisher={Springer}
}

@article{rasquin2014scalable,
  title={Scalable fully implicit finite element flow solver with application to
high-fidelity flow control simulations on a realistic wind design},
  author={Rasquin, M and Smith, C and Chitale, K and Seol, E S and
Matthews, B and Martin, J and Sahni, O and Loy, Raymond and Shephard, M S and
Jansen, K E},
  journal={submitted to Computing in Science and Engineering},
  year={2014},
}

@Article{Gal10,
  author    =     {A.Y. Galimov and O.Sahni and R.T. {Lahey, Jr.} and  M.S. Shephard and D.A. Drew and K.E. Jansen},
  title     =     {Parallel Adaptive Simulation of a Plunging Liquid Jet},
  journal   =     {Acta Mathematica Scientia},
  year      =     {2010},
  pages     =     {522-538},
  volume    =     {30B},
  number    =     {}
}

@Article{Zhou-flow,
  author    =     {M. Zhou and O. Sahni and H.J. Kim and C.A. Figueroa and CA. Taylor and M.S. Shephard and K.E. Jansen},
  title     =     {Cardiovascular Flow Simulation at Extreme Scale},
  journal   =     {Computational Mechanics},
  pages     =     {71-82},
  volume    =     {46},
  note      =     {DOI 10.1007/s00466-009-0450-z},
  year      =     {2010}
}

@article{Zhou-ewc,
      author = "M. Zhou and T. Xie and S. Seol and M.S. Shephard and O. Sahni and K.E. Jansen",
      title = "Tools to Support Mesh Adaptation on Massively Parallel Computers",
      journal = "Engineering with Computers",
      volume = "28",
      number = "3",
      pages = "287-301",
      year = "2011"}   

@article{seol06,
      author = "Seol, E.S. and Shephard, M.S.",
      title = "Efficient distributed mesh data structure for parallel automated adaptive analysis",
      journal = "Engineering with Computers",
      volume = "22",
      number = "3-4",
      pages = "197-213",
      year = "2006"}   

@phdthesis{zhou2010petascale,
  title={Petascale adaptive computational fluid dynamics},
  author={Zhou, Min},
  year={2009},
  school={Rensselaer Polytechnic Institute}
}

