@misc{scorecGH,
      author = "SCOREC",
      title = "SCOREC/core GitHub Repository",
      howpublished = "\url{https://github.com/SCOREC/core/tree/7810108aba026e357f43b6e9dd83e064e8aca8a2}",
      year = "2014" 
}

@misc{meshes,
      author = "SCOREC",
      title = "SCOREC Torus Meshes",
      howpublished = "\url{http://redmine.scorec.rpi.edu/anonsvn/meshes/torus/}",
      year = "2014" 
}
       