@article{LuoShephard_04,
  title={Automatic p-version mesh generation for curved domains},
  author={Luo, Xiao-Juan and Shephard, Mark S and Oâ€™bara, Robert M and Nastasia, Rocco and Beall, Mark W},
  journal={Engineering with Computers},
  volume={20},
  number={3},
  pages={273--285},
  year={2004},
  publisher={Springer}
}

@article{DeyShephard_97,
  title={Geometry representation issues associated with p-version finite element computations},
  author={Dey, Saikat and Shephard, Mark S and Flaherty, Joseph E},
  journal={Computer methods in applied mechanics and engineering},
  volume={150},
  number={1},
  pages={39--55},
  year={1997},
  publisher={Elsevier}
}

@inproceedings{LuoShephard_02,
  title={p-Version Mesh Generation Issues.},
  author={Luo, Xiaojuan and Shephard, Mark S and Remacle, Jean-Fran{\c{c}}ois and O'Bara, Robert M and Beall, Mark W and Szab{\'o}, Barna and Actis, Ricardo},
  booktitle={IMR},
  pages={343--354},
  year={2002}
}
